<?xml version="1.0" encoding="UTF-8"?><record xmlns="http://www.loc.gov/MARC21/slim" xmlns:cinclude="http://apache.org/cocoon/include/1.0" xmlns:zs="http://www.loc.gov/zing/srw/">
  <leader>00663cz  a2200145n  4500</leader>
  <controlfield tag="001">n 2003111436</controlfield>
  <controlfield tag="003">DLC</controlfield>
  <controlfield tag="005">20030822135638.0</controlfield>
  <controlfield tag="008">030822n| acannaabn          |a aaa      </controlfield>
  <datafield tag="010" ind1=" " ind2=" ">
    <subfield code="a">n 2003111436</subfield>
  </datafield>
  <datafield tag="040" ind1=" " ind2=" ">
    <subfield code="a">DLC</subfield>
    <subfield code="b">eng</subfield>
    <subfield code="c">DLC</subfield>
  </datafield>
  <datafield tag="100" ind1="1" ind2=" ">
    <subfield code="a">González Salinas, Héctor F.</subfield>
  </datafield>
  <datafield tag="400" ind1="1" ind2=" ">
    <subfield code="a">Salinas, Héctor F. González</subfield>
  </datafield>
  <datafield tag="400" ind1="1" ind2=" ">
    <subfield code="a">González, Hector F.</subfield>
  </datafield>
  <datafield tag="670" ind1=" " ind2=" ">
    <subfield code="a">González Salinas, Héctor F. Penología y sistemas penitenciarios, 2001:</subfield>
    <subfield code="b">v. 1, t.p. (Héctor F. González Salinas) v. 1, p. 19 (Héctor F. González; one of founders in 1974 of criminology program, Facultad de Derecho y Ciencias Sociales y Colegio de Criminología, Universidad de Nuevo León)</subfield>
  </datafield>
</record>